%%%%%%%%%%%%%%%%%%%%%%%%%%%%%%%%%%%%%%%%%%%%%%%%%%%%%%%%%%%%%%%%%%%%%%%%%%%%%%%
% Arquitetura
%%%%%%%%%%%%%%%%%%%%%%%%%%%%%%%%%%%%%%%%%%%%%%%%%%%%%%%%%%%%%%%%%%%%%%%%%%%%%%%

@book {EVANS-2004-DDD,
  title = {Domain-driven Design: Tackling Complexity in the Heart of Software},
  author = {{EVANS}, E. and {FOWLER}, M.},
  isbn = {9780321125217},
  lccn = {2003050331},
  url = {https://books.google.nl/books?id=7dlaMs0SECsC},
  year = {2004},
  publisher = {Addison-Wesley}
}

@online {DDDCOMMUNITY-2019-DDD,
    author = {{DOMAIN-DRIVEN DESIGN COMMUNITY}},
    title = {Domain-Driven Design Community},
    url = {https://dddcommunity.org/},
    year = {2019},
    urldate = {2019-08-07}
}

@article {IEEE-2011-ARQUITETURA,
    author = {IEEE},
    title = {Internation Standard ISO/IEC/IEEE 42010: Systems and software engineering - Architecture description},
    publisher = {Switzerland. Primeira Edição},
    howpublished ={\url{http://ieeexplore.ieee.org/document/6129467/}},
    year = {2011}
}

@online {PALERMO-2008-Onion-Architecture,
    author = {{PALERMO}, Jeffrey},
    title = {Onion Architecture},
    url = {https://jeffreypalermo.com/tag/onion-architecture/},
    year = {2008},
    urldate = {2019-08-09}
}