@misc {MOVIEONTOLOGY-2019,
    author = {Amancio Bouza},
    title = {MO - The Movie Ontology},
    year = {2010},
    url = {http://www.movieontology.org},
    note = {[Online; 26. Jan. 2010]}
}