%%%%%%%%%%%%%%%%%%%%%%%%%%%%%%%%%%%%%%%%%%%%%%%%%%%%%%%%%%%%%%%%%%%%%%%%%%%%%%%
% Ferramentas de SWS
%%%%%%%%%%%%%%%%%%%%%%%%%%%%%%%%%%%%%%%%%%%%%%%%%%%%%%%%%%%%%%%%%%%%%%%%%%%%%%%

@online {EasyWSDL-2016,
    author = {EasyWSDL},
    title = {EasyWSDL},
    year = {2016},
    url = {http://easywsdl.ow2.org/},
    urldate = {2016-12-19}
}

@online {EasySAWSDL-2016,
    author = {EasySAWSDL},
    title = {EasySAWSDL},
    year = {2016},
    url = {http://easywsdl.ow2.org/extensions-sawsdl.html},
    urldate = {2016-12-19}
}

@online {Protege-2016,
    author = {Protégé},
    title = {Protégé},
    year = {2016},
    url = {http://protege.stanford.edu/},
    urldate = {2016-12-13}
}

@conference {MILLER-VERMA-GOMADAM-SHETH-BREWER-2005-Radiant,
	title = {Radiant: A tool for semantic annotation of Web Services},
	booktitle = {Radiant: A tool for semantic annotation of Web Services},
	year = {2005},
	author = {John Miller and Kunal Verma and Karthik Gomadam and Amit Sheth and Douglas Brewer}
}

@article {BELHAJJAME-EMBURY-2014-Radiant,
    author = {Belhajjame, K. and Embury, S.M.},
    title = {Verification of Semantic Web Service Annotations Using Ontology-Based Partitioning},
    year = {2014},
    publisher = {IEEE Transactions on Services Computing},
    volume = {7},
    pages = {515-528},
    howpublished ={\url{http://ieeexplore.ieee.org/document/6419692/}}
}

@online {LSDIS-2016-Radiant,
    author= {Large Scale Distribute Information Systems - LSDIS},
    title = {Radiant: WSDL-S/SAWSDL Annotation Tool},
    url = {http://lsdis.cs.uga.edu/projects/meteor-s/downloads/index.php?page=1},
    year = {2016},
    urldate = {2016-12-26}
}