

@online {SAADATI-DENKER-2016-OWL-S-Editor,
	author = {Saadati, S. and Denker, G.},
    title = {An OWL-S Editor Tutorial – Version 1.1},
    year = {2016},
    url = {http://owlseditor.semwebcentral.org/documents/tutorial.pdf},
    urldate = {2016-10-23}
}

@online {DENKER-ELENIUS-MARTIN-2016-OWL-S-Editor,
	author = {Denker, G. and Elenius, D. and Martin, D.},
    title = {OWL-S Editor},
    year = {2016},
    url = {http://www.csl.sri.com/papers/owl-s-editor-demo/owlseditor-demo.pdf},
    urldate = {2016-12-05}
}

@online {ELENIUS-2005-OWL-S-Editor-Protege,
	author = {Elenius, D.},
    title = {The OWL-S Editor – A Domain-Specific Extension to Protégé},
    year = {2005},
    url = {http://protege.stanford.edu/conference/2005/submissions/abstracts/accepted-abstract-elenius.pdf},
    urldate = {2016-12-05}
}

@online {SCICLUNA-2016-OWL-S-Editor,
	author = {Scicluna, J.},
    title = {OWL-S Editor to Semantically Annotate Web-Services},
    year = {2016},
    url = {http://staff.um.edu.mt/cabe2/supervising/undergraduate/owlseditFYP/OwlSEdit.html},
    urldate = {2016-10-21}
}

@online {GOOGLE-2019-Google-Docs,
    author= {Google},
    title = {Google Docs},
    url = {https://www.google.com/docs/about/},
    year = {2019},
    urldate = {2019-08-05}
}

@online {ZOHO-2019-Writer,
    author = {Zoho},
    title = {Zoho Writer},
    url = {https://www.zoho.com/writer/},
    year = {2019},
    urldate = {2019-08-05}
}

@online {OVERLEAF-2019,
    author = {Overleaf},
    title = {Overleaf},
    url = {https://www.overleaf.com},
    year = {2019},
    urldate = {2019-08-05}
}

@online {GOOGLE-2019-Google-Drive,
    author = {Google},
    title = {Google Drive},
    url = {https://www.google.com/drive/},
    year = {2019},
    urldate = {2019-08-06}
}

@online {WRITELY-2019,
    author = {Writely},
    title = {Writely},
    url = {https://www.writelyapp.com/},
    year = {2019},
    urldate = {2019-08-06}
}

@online {WIKIPEDIA-2019,
    author = {Wikipedia},
    title = {Wikipedia},
    url = {https://www.wikipedia.org/},
    year = {2019},
    urldate = {2019-08-06}
}

@online {GOOGLE-2019-Google-Chrome,
    author = {Google},
    title = {Google Chrome},
    url = {https://www.google.com/chrome/},
    year = {2019},
    urldate = {2019-08-06}
}

@online {MOZILLA-2019-Firefox,
    author = {Mozilla},
    title = {Mozilla Firefox},
    url = {https://www.mozilla.org/en-US/firefox/},
    year = {2019},
    urldate = {2019-08-06}
}

@online {APPLE-2019-Safari,
    author = {Apple},
    title = {Apple Safari},
    url = {https://www.apple.com/lae/safari/},
    year = {2019},
    urldate = {2019-08-06}
}