%%%%%%%%%%%%%%%%%%%%%%%%%%%%%%%%%%%%%%%%%%%%%%%%%%%%%%%%%%%%%%%%%%%%%%%%%%%%%%%
% Notação Visual
%%%%%%%%%%%%%%%%%%%%%%%%%%%%%%%%%%%%%%%%%%%%%%%%%%%%%%%%%%%%%%%%%%%%%%%%%%%%%%%

@article {MOODY-2009-Physics-Notation,
    author = {{MOODY}, Daniel},
    title = {The ''Physics'' of Notations: Toward a Scientific Basis for Constructing Visual Notations in Software Engineering},
    journal = {IEEE Trans. Softw. Eng.},
    issue_date = {November 2009},
    volume = {35},
    number = {6},
    month = nov,
    year = {2009},
    issn = {0098-5589},
    pages = {756--779},
    numpages = {24},
    url = {https://doi.org/10.1109/TSE.2009.67},
    doi = {10.1109/TSE.2009.67},
    acmid = {1687149},
    publisher = {IEEE Press},
    address = {Piscataway, NJ, USA},
    keywords = {Modeling, Modeling, analysis, diagrams, communication, visualization, visual syntax, concrete syntax., analysis, communication, concrete syntax., diagrams, visual syntax, visualization}
}

@standard {OMG-2017-UML,
    revision = {2.5.1},
    author = {OMG},
    organization = {Object Management Group},
    institution = {Object Management Group},
    title = {UNIFIED MODELING LANGUAGE SPECIFICATION VERSION 2.5.1},
    url = {https://www.omg.org/spec/UML/2.5.1/},
    year = {2017},
    month = {December},
    keywords = {omg standard uml}
}

@standard {OMG-2011-BPMN,
    added-at = {2013-02-22T22:42:18.000+0100},
    author = {OMG},
    biburl = {https://www.bibsonomy.org/bibtex/2d71e28d8b21b73a067683ba4bfe0321a/porta},
    file = {omg2011bpmn.pdf:omg2011bpmn.pdf:PDF},
    groups = {public},
    institution = {Object Management Group},
    interhash = {3dc7b0ecb231121716362e43297fd70a},
    intrahash = {d71e28d8b21b73a067683ba4bfe0321a},
    keywords = {omg standard bpmn},
    month = {January},
    organization = {Object Management Group},
    revision = {2.0},
    timestamp = {2013-03-01T23:25:34.000+0100},
    title = {{Business Process Model and Notation (BPMN), Version 2.0}},
    url = {http://www.omg.org/spec/BPMN/2.0},
    username = {porta},
    year = 2011
}

@online {SBOL-2019,
    author= {SBOL},
    title = {SBOL - The Synthetic Biology Open Language},
    url = {https://sbolstandard.org/},
    year = {2019},
    urldate = {2019-09-06}
}

@article {QUINN-COX-ADLER-2015-SBOL,
    author = {Quinn, Jacqueline Y. AND Cox, III, Robert Sidney AND Adler, Aaron AND Beal, Jacob AND Bhatia, Swapnil AND Cai, Yizhi AND Chen, Joanna AND Clancy, Kevin AND Galdzicki, Michal AND Hillson, Nathan J. AND Le Novère, Nicolas AND Maheshwari, Akshay J. AND McLaughlin, James Alastair AND Myers, Chris J. AND P, Umesh AND Pocock, Matthew AND Rodriguez, Cesar AND Soldatova, Larisa AND Stan, Guy-Bart V. AND Swainston, Neil AND Wipat, Anil AND Sauro, Herbert M.},
    journal = {PLOS Biology},
    publisher = {Public Library of Science},
    title = {SBOL Visual: A Graphical Language for Genetic Designs},
    year = {2015},
    month = {12},
    volume = {13},
    url = {https://doi.org/10.1371/journal.pbio.1002310},
    pages = {1-9},
    abstract = {This Community Page introduces SBOL Visual—a standard visual language for DNA design and synthetic biology. Researchers are encouraged to download the symbols, use them freely, and suggest additions.},
    number = {12},
    doi = {10.1371/journal.pbio.1002310}
}

@online {SBGN-2019,
    author= {SBGN},
    title = {SBGN - Systems Biology Graphical Notation},
    url = {https://sbgn.github.io/},
    year = {2019},
    urldate = {2019-09-06}
}

@inproceedings {NOVERE-BUCKA-MI-MOODIE-SCHREIBER-SOROKIN-2009-SBGN,
    author = {Novère, Nicolas Le and Hucka, Michael and  Mi, Huaiyu and Moodie, Stuart andSchreiber, Falk and Sorokin, Anatoly and Demir, Emek and Wegner, Katja and Aladjem, Mirit I and Wimalaratne, Sarala M and Bergman, Frank T and Gauges, Ralph and Ghazal, Peter and Kawaji, Hideya and Li, Lu and Matsuoka, Yukiko and Villéger, Alice and Boyd, Sarah E and Calzone, Laurence and Courtot, Melanie and Dogrusoz, Ugur and Freeman, Tom C and Funahashi, Akira and Ghosh, Samik and Jouraku, Akiya and Kim, Sohyoung and Kolpakov, Fedor and Luna, Augustin and Sahle, Sven and Schmidt, Esther and Watterson, Steven and Wu, Guanming and Goryanin, Igor and Kell, Douglas B and Sander, Chris and Sauro, Herbert and Snoep, Jacky L and Kohn, Kurt and Kitano, Hiroaki},
    year = {2009},
    month = {08},
    pages = {735-741},
    title = {The Systems Biology Graphical Notation},
    journal = {Nature Biotechnology},
    volume = {27},
    doi = {https://doi.org/10.1038/nbt.1558},
    howpublished = {\url{https://www.nature.com/articles/nbt.1558}}
}

@article {VASUNDRA-LENOVERE-WALTEMATH-WOLKENHAUER-2018-SBGN,
    author = {Touré, Vasundra AND Le Novère, Nicolas AND Waltemath, Dagmar AND Wolkenhauer, Olaf},
    journal = {PLOS Computational Biology},
    publisher = {Public Library of Science},
    title = {Quick tips for creating effective and impactful biological pathways using the Systems Biology Graphical Notation},
    year = {2018},
    month = {02},
    volume = {14},
    url = {https://doi.org/10.1371/journal.pcbi.1005740},
    pages = {1-6},
    abstract = {},
    number = {2},
    doi = {10.1371/journal.pcbi.1005740}
}

@inproceedings {RUIZ-LOPEZ-2009-Visual-Geometry,
    author={A. Ruiz and P. E. Lopez-de-Teruel},
    booktitle={2009 IEEE 12th International Conference on Computer Vision},
    title={Diagram techniques for multiple view geometry},
    year={2009},
    volume={},
    number={},
    pages={1865-1872},
    keywords={computational geometry;feature extraction;graph theory;tensors;multilinear algebra;visual geometry;conceptual elegance;graphical notation;tensor diagrammatic techniques;camera extraction;Geometry;Tensile stress;Vectors;Cameras;Shape;Algebra;Visualization;Electronic circuits;Logic gates;Logic circuits},
    doi={10.1109/ICCV.2009.5459414},
    ISSN={2380-7504},
    month={Sep.}
}

@inproceedings {MILLERKARLOW-GOLIN-1992-VHDL,
    author = {D. L. Miller-Karlow and E. J. Golin},
    booktitle = {Proceedings IEEE Workshop on Visual Languages},
    title = {vVHDL: a visual hardware description language},
    year = {1992},
    volume = {},
    number = {},
    pages = {133-139},
    keywords = {specification languages;visual languages;vVHDL;visual hardware description language;hardware systems design;VHSIC;Visual VHDL;syntax;design system;Hardware design languages;Design automation;Very high speed integrated circuits;Computational modeling;Design engineering;Computer science;Process design;Electronic components;Usability;Circuit simulation},
    doi = {10.1109/WVL.1992.275773},
    ISSN = {},
    month = {9}
}

@online {ELETRONICS-CLUB-2019-Circuit-Diagrams,
    author= {{Eletronics Club}},
    title = {Circuit Diagrams},
    url = {https://electronicsclub.info/study.htm},
    year = {2019},
    urldate = {2019-09-06}
}

@online {OMG-2019-CMMN,
    author= {OMG},
    title = {Case Management Model and Notation},
    url = {https://www.omg.org/cmmn/},
    year = {2019},
    urldate = {2019-09-06}
}

@article {GRANADA-VARA-BRAMBILLA-BOLLATI-MARCOS-2017-WebML,
    author = {Granada, David and Vara, Juan and Brambilla, Marco and Bollati, Verónica and Marcos, Esperanza},
    issn = {16191366},
    journal = {Software & Systems Modeling},
    keywords = {Domain-specific programming languages, Web-based user interfaces, Syntax in programming languages, Visual communication, Cognitive ability, Cognitive effectiveness, Concrete syntax, Visual notation, Visual syntax, Web modelling language (WebML)},
    number = {1},
    pages = {195 - 227},
    title = {Analysing the cognitive effectiveness of the WebML visual notation.},
    volume = {16},
    url = {http://search-ebscohost-com.ez67.periodicos.capes.gov.br/login.aspx?direct=true&db=iih&AN=121251686&lang=pt-br&site=ehost-live},
    year = {2017}
}

@article {MATHEWS-Classic-1991-Maya_Emblem_Glyphs,
    title = {Classic Maya emblem glyphs},
    author = {Mathews, Peter},
    journal = {Classic Maya political history: Hieroglyphic and archaeological evidence},
    pages = {19-29},
    year = {1991},
    publisher = {Cambridge University Press: Cambridge, UK}
}

@article {KAMESWARA-2005-Prehistoric-Astronomy-India,
    title = {Aspects of prehistoric astronomy in India},
    author = {Kameswara Rao, N},
    year = {2005},
    publisher = {Astronomical Society of India}
}

@article {DAVIES-1990-Egyptian-Hieroglyphs,
    title = {Egyptian hieroglyphs},
    author = {Davies, W. Vivian},
    journal = {Reading the past: ancient writing from cuneiform to the alphabet},
    pages = {75-135},
    year = {1990},
    publisher = {Univ of California Press}
}

@book {SMITH-MORIARTY-KENNEY-BARBATSIS-2004-Handbook-Visual-Communication,
    title = {Handbook of visual communication: Theory, methods, and media},
    author = {Smith, Kenneth L and Moriarty, Sandra and Kenney, Keith and Barbatsis, Gretchen},
    year = {2004},
    publisher = {Routledge}
}

@inproceedings {POPESCU-WEGMANN-2014-Using-Physics-of-Notation-SEAM,
    author = {G. Popescu and A. Wegmann},
    booktitle = {2014 IEEE 16th Conference on Business Informatics},
    title = {Using the Physics of Notations Theory to Evaluate the Visual Notation of SEAM},
    year = {2014},
    volume = {2},
    number = {},
    pages = {166-173},
    keywords = {corporate modelling;simulation languages;physics of notation theory;SEAM visual notation evaluation;modeling languages;business modeling;IT requirement modeling;Moody;systemic enterprise architecture methodology;PoNT principles;Unified modeling language;Visualization;Semantics;Companies;Organizational aspects;notation;Physics of Notations Theory;business and IT alignment;business design;IT design;SEAM},
    doi = {10.1109/CBI.2014.21},
    ISSN = {},
    month = {7},
    howpublished = {\url{https://ieeexplore.ieee.org/document/6904318}}
}

@INPROCEEDINGS{HEIMER-LOHMANN-LANGE-ERTL-2014-WORD-CLOUD,
    author={F. Heimerl and S. Lohmann and S. Lange and T. Ertl},
    booktitle={2014 47th Hawaii International Conference on System Sciences},
    title={Word Cloud Explorer: Text Analytics Based on Word Clouds},
    year={2014},
    volume={},
    number={},
    pages={1833-1842},
    keywords={data visualisation;natural language processing;text analysis;text analytics;word clouds;visualization method;text summarization;visualization paradigm;text analysis tasks;word cloud explorer;natural language processing;sophisticated interaction techniques;context information;Tag clouds;Visualization;Layout;Context;Text analysis;Pragmatics;User interfaces;word clouds;text analytics;tag clouds;natural language processing;interaction;visualization;word cloud explorer},
    doi={10.1109/HICSS.2014.231},
    ISSN={},
    month={Jan},
    howpublished={\url{https://ieeexplore.ieee.org/document/6758829}}
}