@article {MALKI-BENSLIMANE-2012-BUILDING-SEMANTIC-MASHUP,
    author = {Malki, Abdelhamid and Benslimane, Sidi Mohamed},
    year = {2012},
    month = {01},
    pages = {40-49},
    title = {Building semantic mashup},
    volume = {867},
    journal = {CEUR Workshop Proceedings}
}