%%%%%%%%%%%%%%%%%%%%%%%%%%%%%%%%%%%%%%%%%%%%%%%%%%%%%%%%%%%%%%%%%%%%%%%%%%%%%%%
% Serviços Web
%%%%%%%%%%%%%%%%%%%%%%%%%%%%%%%%%%%%%%%%%%%%%%%%%%%%%%%%%%%%%%%%%%%%%%%%%%%%%%%

@article {PAPAZOGLOU-GEORGAKOPOULOS-2003-Service-Oriented-Computing,
    author = {Papazoglou, M.P. and Georgakopoulos, D.},
    title = {Service Oriented Computing},
    publisher = {Communications of the ACM, No. 10},
    volume = {46},
    year = {2003}
}

@misc {W3C-2001-WSDL1.1,
	author = {W3C},
    title = {Web Services Description Language (WSDL) 1.1},
    year = {2001},
    url = {https://www.w3.org/TR/wsdl.html}
}

@misc {W3C-2007-WSDL,
	author = {W3C},
    title = {Web Services Description Language (WSDL) Version 2.0},
    year = {2007},
    url = {https://www.w3.org/TR/wsdl20/}
}

@online {W3C-2007-WSDL-Primer,
	author = {W3C},
    title = {Web Services Description Language (WSDL) Version 2.0 Part 0: Primer},
    year = {2007},
    url = {https://www.w3.org/TR/wsdl20-primer/}
}

@article {VALIPOUR-AMIRZAFARI-MALEKI-DANESHPOUR-2009-SOA,
	author = {Valipour, M.H. and Amirzafari, B. and Maleki, K.N. and Daneshpour, N.},
    title = {A brief survey of software architecture concepts and service oriented architecture},
    year = {2009},
    journal = {2nd IEEE International Conference on Computer Science and Information Technology (ICCSIT)},
    pages = {34-38}
}

@online {W3C-1999-XSLT,
    author= {W3C},
    title = {XSL Transformations (XSLT)},
    url = {https://www.w3.org/TR/xslt},
    year = {1999}
}

@online {W3C-2007-SOAP,
    author= {W3C},
    title = {Latest SOAP versions},
    url = {https://www.w3.org/TR/soap/},
    year = {2007}
}

@online {OASIS-2004-UDDI,
    author= {OASIS},
    title = {UDDI Version 3.0.2},
    url = {http://www.uddi.org/pubs/uddi-v3.0.2-20041019.pdf},
    year = {2004}
}

@phdthesis {FIELDING-2000-REST,
    author = {Fielding, R.T.}, 
	title = {Architectural styles and the design of network-based software architectures},
	school = {University of California},
	year = {2000},
	address = {University of California}
}

@online {W3C-2009-WADL,
    author= {W3C},
    title = {Web Application Description Language},
    url = {https://www.w3.org/Submission/wadl/},
    year = {2009}
}

@online {W3C-2002-Web-Service-Message-Exchange-Patterns,
    author= {W3C},
    title = {Web Services Message Exchange Patterns},
    url = {https://www.w3.org/2002/ws/cg/2/07/meps.html},
    year = {2002}
}

@article {NITZSCHE-LESSEN-LEYMAN-2008-Message-Exchange-Patterns,
    author= {Nitzsche, J. and Lessen, T.V. and Leymann, F.},
    title = {WSDL 2.0 Message Exchange Patterns: Limitations and Opportunities},
    howpublished ={\url{https://www.w3.org/2002/ws/cg/2/07/meps.html}},
    year = {2008},
    publisher = {Internet and Web Applications and Services, 2008. ICIW '08. Third International Conference},
    pages = {168-173}
}

@online {IBM-2019-SOA,
    author= {IBM},
    title = {Service-oriented architecture (SOA)},
    url = {https://www.ibm.com/support/knowledgecenter/en/SSMQ79_9.5.1/com.ibm.egl.pg.doc/topics/pegl_serv_overview.html},
    year = {2019},
    urldate = {2019-09-08}
}

@online {SOA-MANIFESTO-2013,
    author= {{SOA Manifesto}},
    title = {SOA Manifesto},
    url = {http://www.soa-manifesto.org},
    year = {2013},
    urldate = {2019-09-08}
}

@online {W3C-2004-Web-Service-Architecture,
    author= {W3C},
    title = {Web Service Architecture},
    url = {https://www.w3.org/TR/2004/NOTE-ws-arch-20040211/},
    year = {2004},
    month = {2},
    urldate = {2019-09-08}
}

@article {WANG-HUANG-ZHEXUE-QU-XIE-2004-Web-Services-Problems-Future-Directions,
  title = {Web services: problems and future directions},
  author = {Wang, Hongbing and Huang, Joshua Zhexue and Qu, Yuzhong and Xie, Junyuan},
  journal = {Journal of Web Semantics},
  volume = {1},
  number = {3},
  pages = {309-320},
  year = {2004},
  publisher = {Elsevier},
  howpublished = {\url{https://www.sciencedirect.com/science/article/abs/pii/S1570826804000058}}
}

@inproceedings{DUTTA-2017-Online-Census,
    author = {Dutta, Ajay and Devi, M. Syamala and Arora, Manish},
    title = {Online Census-based Information Sharing for Delivery of e-Governance Services},
    booktitle = {Proceedings of the Special Collection on eGovernment Innovations in India},
    series = {ICEGOV '17},
    year = {2017},
    isbn = {978-1-4503-4930-7},
    location = {New Delhi AA, India},
    pages = {45--51},
    numpages = {7},
    url = {http://doi.acm.org/10.1145/3055219.3055226},
    doi = {10.1145/3055219.3055226},
    acmid = {3055226},
    publisher = {ACM},
    address = {New York, NY, USA},
    keywords = {Census, Web Service, e-Governance, employment}
} 

@inproceedings{KACI-2018-Mobile-Road-Safety,
    author = {Kaci, Abdellah and Nacef, Abdelhakim and Henni, Abderazzak},
    title = {Mobile Cloud System for Road Safety},
    booktitle = {Proceedings of the International Conference on Geoinformatics and Data Analysis},
    series = {ICGDA '18},
    year = {2018},
    isbn = {978-1-4503-6445-4},
    location = {Prague, Czech Republic},
    pages = {132--136},
    numpages = {5},
    url = {http://doi.acm.org/10.1145/3220228.3220233},
    doi = {10.1145/3220228.3220233},
    acmid = {3220233},
    publisher = {ACM},
    address = {New York, NY, USA},
    keywords = {cloud computing, mobility, road safety, web services}
}

@inproceedings {OYUCU-POLATI-2018-Online-Video-Content-Analysis-System,
    author = {S. Oyucu and H. Polat},
    booktitle = {2018 2nd International Symposium on Multidisciplinary Studies and Innovative Technologies (ISMSIT)},
    title = {Online Video Content Analysis System},
    year = {2018},
    volume = {},
    number = {},
    pages = {1-5},
    keywords = {Internet;neural nets;social networking (online);video signal processing;Web services;video image;training data set;different videos;platform testing;CNN network training;video analysis process;online video content analysis system;video detection;convolutional neural network;RESTful Web service based architecture;YouTube videos;separately analysis;AlexNet model;image analysis model;terrorist organizations;YouTube;Hidden Markov models;Convolutional neural networks;Python;Cascading style sheets;Springs;Terrorism;Video Analysis;CNN;AlexNet;RESTful},
    doi = {10.1109/ISMSIT.2018.8567320},
    ISSN = {},
    month = {Oct}
}

@inproceedings {HUANG-JAYARAMAN-MORSHED-2019-Sens-E-Montion,
    author = {W. Huang and P. P. Jayaraman and A. Morshed and S. Blackburn and C. Redpath and T. Guerney and A. H. Shahid and R. Mui},
    booktitle = {2019 23rd International Conference in Information Visualization – Part II},
    title = {Sens-e-Motion: Capturing and Visualising Emotional Status of Computer Users in Real Time},
    year = {2019},
    volume = {},
    number = {},
    pages = {96-99},
    keywords = {data visualisation;educational administrative data processing;emotion recognition;face recognition;human computer interaction;real-time systems;sentiment analysis;teaching;Web services;digital emotional monitoring;student emotion analysis;NoSQL database;RESTful Web service backend;Web chat application;keyword analysis;text sentiment analysis;blink-rate;facial expression recognition;learning context;teaching context;computer user emotion;Sens-e-motion;emotional status visualisation;Data visualization;Education;Prototypes;Text analysis;Face recognition;Software;Emotion recognition;visualisation, emotion, eye tracking, sentiment analysis},
    doi = {10.1109/IV-2.2019.00028},
    ISSN = {},
    month = {7}
}

@standard {SWAGGER-2017-OpenAPI-Specification,
    url = {https://swagger.io/specification/},
    revision = {3.0.2},
    title = {OpenAPI Specification (OAS) Version 3.0.2},
    organization = {SmartBear},
    year = {2017},
    month = {July}
}