%%%%%%%%%%%%%%%%%%%%%%%%%%%%%%%%%%%%%%%%%%%%%%%%%%%%%%%%%%%%%%%%%%%%%%%%%%%%%%%
% Edição colaborativa 
%%%%%%%%%%%%%%%%%%%%%%%%%%%%%%%%%%%%%%%%%%%%%%%%%%%%%%%%%%%%%%%%%%%%%%%%%%%%%%%

@article {YANG-SUN-ZHANG-JIA-2000-Realtime-Cooperative-Editing-Internet,
    title={Real-Time Cooperative Editing on the Internet},
    author={Yun Yang and Chengzheng Sun and Yanchun Zhang and Xiaohua Jia},
    journal={IEEE Internet Computing},
    year={2000},
    volume={4},
    pages={18-25},
    howpublished ={\url={https://www.semanticscholar.org/paper/Real-Time-Cooperative-Editing-on-the-Internet-Yang-Sun/8025f6e99731eb9825feddec1748cd6dc35f8003}}
}

@inproceedings {LOWRY-CURTIS-Taxonomy-2004-Collaborative_Writing,
    title = {A Taxonomy of Collaborative Writing to Improve Empirical Research, Writing Practice, and Tool Development},
    author = {Paul Benjamin Lowry and Aaron M. Curtis and Michelle Ren{\'e} Lowry},
    year = {2004},
    volume = {41},
    number = {1},
    pages = {66-99},
    howpublished ={\url={https://ssrn.com/abstract=666141}}
}

@article {DENNIS-2007-Wiki,
    title = {Wiki},
    author = {Michael Aaron Dennis},
    journal = {Encyclopædia Britannica, Inc.},
    year = {2007},
    howpublished = {\url{https://www.britannica.com/topic/wiki}}
}

@inproceedings {TILIGADAS-2016-Collaboration,
    title = {Building Up to Collaboration: Evidence on Using Wikis to Scaffold Academic Writing},
    author = {Susan M. Stetson-Tiligadas},
    year = {2016},
    month = {11},
    day = {11},
    volume = {6},
    number = {1},
    pages = {66-99},
    howpublished = {\url={https://doi.org/10.18552/joaw.v6i1.288}}
}

@online {ENGELBART-2019-Doug-Great-Demo-1968,
    author = {{DOUG ENGELBART INSTITUTE}},
    title = {Doug's Great Demo: 1968},
    url = {http://www.dougengelbart.org/content/view/209/448/},
    year = {2019},
    urldate = {2019-08-06}
}

@inproceedings {DILLON-1993-Collaborative-Writing,
    title={How Collaborative is Collaborative Writing? An Analysis of the Production of Two Technical Reports},
    author={Andrew Dillon},
    year={1993},
    howpublished = {\url{https://www.semanticscholar.org/paper/HOW-COLLABORATIVE-IS-COLLABORATIVE-WRITING-AN-OF-OF-Dillon/1dd9c424a3a675c8c07ef88696d1dc1f93f1facb}}
}

@inproceedings {ZHAN-GU-QI-2008-Collaborative-Editing-Ontology, 
    author = {Zhan, H. and Gu, X. and Qi, G.},
    booktitle = {2008 IFIP International Conference on Network and Parallel Computing}, 
    title = {Design of a Collaborative Ontology Editing System for Enterprise Process Integration}, 
    year = {2008}, 
    volume = {}, 
    number = {}, 
    pages = {412-417}, 
    keywords = {business data processing;grid computing;groupware;ontologies (artificial intelligence);text editing;collaborative ontology editing system;enterprise process integration;grid framework;information sharing tools;remote screen sharing;plug & play resource sharing technology;Ontologies;International collaboration;Collaborative software;Collaborative work;Parallel processing;Production facilities;Design engineering;Collaborative tools;Software tools;Plugs;Collaborative ontology editing;Enterprise process integration;Grid framework;Knowledge sharing}, 
    doi = {10.1109/NPC.2008.21}, 
    ISSN = {}, 
    month = {10}
}

@inproceedings {OUAAZIZI-CHENFOUR-2012-Collaborative-Semantic-Annotation,
    author = {M. E. Ouaazizi and N. Chenfour}, 
    booktitle = {Second International Conference on the Innovative Computing Technology (INTECH 2012)}, 
    title = {Collaborative semantic annotation of digitized old documents}, 
    year = {2012}, 
    volume = {}, 
    number = {}, 
    pages = {253-258}, 
    keywords = {collaborative filtering;digital libraries;document handling;electronic publishing;graph theory;query languages;semantic Web;Web services;digitized old documents;online digital libraries;online publishing;collaborative semantic annotation platform;semantic annotation process;RDF triples;RDF graph;data repository;annotation server;document resources;semantic Web applications;query language;SPARQL;protocol;Web services;resource description framework;Digital libraries;Digitized documents;Semantic Web Technologies;Collaborative Semantic Annotation;Data interoperability}, 
    doi = {10.1109/INTECH.2012.6457793}, 
    ISSN = {}, 
    month = {0}
}

@incollection {SOUZA-MARCZAK-PRIKLANDNICKI-2012-Desenvolvimento-Colaborativo-Software,
    author = {Cleidson Ronald Botelho de Souza and Sabrina Marczak and Rafael Prikladnicki},
    title = {Desenvolvimento Colaborativo de Software},
    booktitle = {Sistemas Colaborativos},
    publisher = {Elsevier},
    year = {2012},
    pages = {122-134},
    chapter = {8},
    howpublished = {\url{http://sistemascolaborativos.uniriotec.br/}}
}

@article {ELLIS-GIBBS-REIN-1991-Sistemas-Colaborativos,
    title = {Groupware: Some Issues and Experiences},
    author = {Clarence A. Ellis and Simon J. Gibbs and Gail L. Rein},
    journal = {Commun. ACM},
    year = {1991},
    volume = {34},
    pages = {39-58},
    howpublished = {\url{https://dl.acm.org/citation.cfm?id=99987}}
}

@inproceedings {TERUEL-2014-Design-Pattern-Workspace-Awareness,
    author = {Teruel, Miguel and Navarro, Elena and López-Jaquero, Víctor and Montero, Francisco and González, Pascual},
    year = {2014},
    month = {05},
    pages = {},
    title = {A design pattern for representing Workspace Awareness},
    journal = {Proceedings of the 2014 IEEE 18th International Conference on Computer Supported Cooperative Work in Design, CSCWD 2014},
    doi = {10.1109/CSCWD.2014.6846926},
    howpublished = {\url{https://www.researchgate.net/publication/259932083_A_design_pattern_for_representing_Workspace_Awareness}}
}