%%%%%%%%%%%%%%%%%%%%%%%%%%%%%%%%%%%%%%%%%%%%%%%%%%%%%%%%%%%%%%%%%%%%%%%%%%%%%%%
% Serviços Web Semânticos
%%%%%%%%%%%%%%%%%%%%%%%%%%%%%%%%%%%%%%%%%%%%%%%%%%%%%%%%%%%%%%%%%%%%%%%%%%%%%%%

@article {DACONTA-OBRST-SMITH-2003-The-Semantic-Web,
    author = {Daconta, M.C. and Obrst, L.J. and Smith, K.T},
    title = {The Semantic Web: A Guide to the Future of XML, Web Services, and Knowledge Management},
    isbn = {978-0471432579},
    publisher = {Wiley Publishing Inc},
    year = {2003},
    location = {Indianapolis, Indiana}
}

@article {GUARDIA-FARIAS-2017-SemantiSCo,
    title = {SemanticSCo: A platform to support the semantic composition of services for gene expression analysis},
    journal = {Journal of Biomedical Informatics},
    volume = {66},
    pages = {116-128},
    year = {2017},
    issn = {1532-0464},
    doi = {https://doi.org/10.1016/j.jbi.2016.12.014},
    url = {http://www.sciencedirect.com/science/article/pii/S1532046416301885},
    author = {Gabriela D.A. Guardia and Luís Ferreira Pires and Eduardo G. da Silva and Cléver R.G. de Farias},
    keywords = {Gene expression analysis, Semantic web services, Service composition, Composition architecture, Composition platform}
}

@book {CARDOSO-2006-Semantic-Web-Services,
	author = {Cardoso, J. and Sheth, A.P.},
    title = {Semantic Web Services, Processes and Applications},
    year = {2006},
    publisher = {Springer}
}

@article {GRUBER-1995-Ontologies,
	author = {Gruber, T.R.},
    title = {Toward Principles for the Design of Ontologies Used for Knowledge Sharing},
    year = {1995},
    journal = {International Journal of Human-Computer Studies},
    volume = {43},
    pages = {907-928},
    howpublished ={\url{http://web.archive.org/web/20080207010024}}
}

@article {GRUBER-1993-Ontologies,
	author = {Gruber, T.R.},
    title = {A Translation Approach to Portable Ontology Specifications},
    year = {1993},
    publisher = {Journal Knowledge Acquisition – Special issue: Current issues in knowledge modeling},
    volume = {5},
    pages = {199-220}
}

@online {W3C-2005-WSMO,
    author= {W3C},
    title = {Web Service Modeling Ontology (WSMO)},
    url = {https://www.w3.org/Submission/WSMO/},
    year = {2005}
}

@article {VITVAR-KOPECKY-VISKOVA-FENSEL-2008-WSMO-Lite,
    author= {Vitvar, T. and Kopecký, J. and Viskova, J. and Fensel, D.},
    title = {WSMO-Lite Annotations for Web Services},
    howpublished ={\url{http://link.springer.com/chapter/10.1007\%2F978-3-540-68234-9_49}},
    year = {2008},
    publisher = {The Semantic Web: Research and Applications. 5th European Semantic Web Conference, ESWC 2008},
    pages = {674-689},
    location = {Tenerife, Canary Islands, Spain}
}

@online {W3C-2017-XQuery,
    author= {W3C},
    title = {XQuery 3.1: An XML Query Language},
    url = {https://www.w3.org/TR/2017/REC-xquery-31-20170321/},
    year = {2017}
}

@online {W3C-2008-SPARQL,
    author= {W3C},
    title = {SPARQL Query Language for RDF},
    url = {https://www.w3.org/TR/rdf-sparql-query/},
    year = {2008}
}

@online {W3C-2014-RDF,
    author= {W3C},
    title = {RDF},
    url = {https://www.w3.org/2001/sw/wiki/RDF},
    year = {2014}
}

@article {WALI-GIBAUD-2012-Extending-OWL-S,
    author= {Wali, B. and Gibaud, B.},
    title = {Extending OWL-S for the Composition of Web Services Generated with a Legacy Application Wrapper},
    howpublished ={\url{https://hal.archives-ouvertes.fr/hal-00736765/document}},
    month = {5},
    year = {2012},
    publisher = {ICIW 2012, The Seventh International Conference on Internet and Web Applications and Services},
    pages = {97-105},
    location = {Stuttgart, Germany}
}

@online {W3C-2005-WSDL-S,
    author= {W3C},
    title = {Web Service Semantics - WSDL-S},
    url = {https://www.w3.org/Submission/WSDL-S/},
    year = {2005}
}

@online {OW2-2016-Site,
    author= {OW2},
    title = {OW2 Consortium},
    url = {https://www.ow2.org},
    year = {2016},
    urldate = {2016-12-19}
}

@online {W3C-2012-OWL-Primer,
    author= {W3C},
    title = {OWL 2.0 Web Ontology Language Primer (Second Edition)},
    url = {https://www.w3.org/TR/2012/REC-owl2-primer-20121211/},
    year = {2012}
}

@online {W3C-2012-OWL,
    author= {W3C},
    title = {OWL},
    url = {https://www.w3.org/OWL/},
    year = {2012}
}

@article {KOPECKY-VITVAR-BOURNEZ-FARREL-2007-SAWSDL,
    author = {Kopecký, Jacek and Vitvar, Tomas and Bournez, Carine and Farrell, Joel},
    year = {2007},
    month = {12},
    pages = {60-67},
    title = {SAWSDL: semantic annotations for WSDL and XML schema},
    volume = {11},
    journal = {Internet Computing, IEEE},
    doi = {10.1109/MIC.2007.134},
    howpublished ={\url{http://ieeexplore.ieee.org/document/4376229/}}
}

@online {W3C-2007-RDFS,
    author= {W3C},
    title = {RDFS},
    url = {https://www.w3.org/2001/sw/wiki/RDFS},
    year = {2004}
}

@online {SHETH-2007-SAWSDL-Tools,
    author= {Sheth, A.P.},
    title = {SAWSDL: Tools and Applications},
    url = {https://www.w3.org/2007/Talks/www2007-SAWSDL-AmitSheth.pdf},
    year = {2007},
    urldate = {2016-12-26}
}

@article {GUARINO-1998-Ontology,
    author= {Guarino, N.},
    title = {Formal Ontology in Information Systems},
    howpublished ={\url{http://dl.acm.org/citation.cfm?id=521669}},
    year = {1998},
    publisher = {Association for Computing Machinery – Digital Library, Proceedings of the 1st International Conference, IOS Press},
    location = {Amsterdam, The Netherlands},
    isbn = {9051993994}
}

@article {BERNERS-HENDLER-LASSILA-2001-Semantic-Web,
    author= {Berners-Lee, T. and Hendler, J. and Lassila, O.},
    title = {The Semantic Web},
    howpublished ={\url{http://www-sop.inria.fr/acacia/cours/essi2006/Scientific%20American_%20Feature%20Article_%20The%20Semantic%20Web_%20May%202001.pdf}},
    year = {2001},
    publisher = {Scientific American: Feature Article}
}

@online {W3C-2004-OWL-S,
	author = {W3C},
    title = {OWL Web Ontology Language for Services (OWL-S)},
    year = {2004},
    url = {https://www.w3.org/Submission/OWL-S/}
}

@online {W3C-2007-SAWSDL,
    author= {W3C},
    title = {Semantic Annotations for WSDL and XML Schema},
    url = {https://www.w3.org/TR/sawsdl/},
    year = {2007}
}

@article {STAVROPOULOS-2013-Iridescent,
    author = {Stavropoulos, T.G. and Vrakas, D. and Vlahavas, I},
    title = {Iridescent: a Tool for Rapid Semantic Annotation of Web Service Descriptions},
    year = {2013},
    month = {06},
    journal = {ACM International Conference Proceeding Series},
    doi = {10.1145/2479787.2479797},
    howpublished ={\url{http://dl.acm.org/citation.cfm?id=2479797}}
}

@online {W3C-2010-WSMO-Lite,
	author = {W3C},
    title = {WSMO-Lite: Lightweight Semantic Descriptions for Services on the Web},
    year = {2010},
    url = {https://www.w3.org/Submission/2010/SUBM-WSMO-Lite-20100823/}
}

@inproceedings {SILVA-FARIAS-2019-SemantiSCo, 
    author = {W. D. {da Silva} and C. R. {Guareis de Farias}}, 
    booktitle = {2019 IEEE 32nd International Symposium on Computer-Based Medical Systems (CBMS)}, 
    title = {Support for Accessibility, Reproducibility and Transparency in a Service-Oriented Gene Expression Analysis Platform}, 
    year = {2019}, 
    volume = {}, 
    number = {}, 
    pages = {477-482}, 
    keywords = {Gene expression;Arrays;Social networking (online);Genomics;Bioinformatics;Gene expression data analysis;Integrated platform;Accessibility;Reproducibility;Transparency}, 
    doi = {10.1109/CBMS.2019.00098}, 
    ISSN = {2372-9198}, 
    month = {June}
}

@article {article-2018-GO.OWL,
    author = {Consortium, The and Acencio, Marcio},
    year = {2018},
    month = {11},
    pages = {gky1055},
    title = {The Gene Ontology Resource: 20 years and still GOing strong},
    volume = {49},
    journal = {Nucleic Acids Research},
    doi = {10.1093/nar/gky1055}
}