%%%%%%%%%%%%%%%%%%%%%%%%%%%%%%%%%%%%%%%%%%%%%%%%%%%%%%%%%%%%%%%%%%%%%%%%%%%%%%%
% Tecnologias utilizadas no desenvolvimento de Grasews
%%%%%%%%%%%%%%%%%%%%%%%%%%%%%%%%%%%%%%%%%%%%%%%%%%%%%%%%%%%%%%%%%%%%%%%%%%%%%%%

@online {MICROSOFT-2019-NET-FRAMEWORK,
    author = {Microsoft},
    title = {Micrsoft .NET Framework},
    url = {https://dotnet.microsoft.com/download/dotnet-framework/net472},
    year = {2019},
    urldate = {2019-12-22}
}

@online {MICROSOFT-2019-ASP-NET-MVC,
    author = {Microsoft},
    title = {Micrsoft ASP.NET MVC},
    url = {https://dotnet.microsoft.com/apps/aspnet/mvc},
    year = {2019},
    urldate = {2019-12-22}
}

@online {MICROSOFT-2019-WEB-API,
    author = {Microsoft},
    title = {Micrsoft ASP.NET Web API},
    url = {https://dotnet.microsoft.com/apps/aspnet/apis},
    year = {2019},
    urldate = {2019-12-22}
}

@online {MICROSOFT-2019-Entity-Framework,
    author = {Microsoft},
    title = {Microsoft Entity Framework},
    url = {https://docs.microsoft.com/en-us/ef/},
    year = {2019},
    urldate = {2019-12-22}
}

@online {SIMPLE-INJECTOR-2019,
    author = {{SIMPLE INJECTOR}},
    title = {Simple Injector},
    url = {https://simpleinjector.org/},
    year = {2019},
    urldate = {2019-12-22}
}

@online {AUTO-MAPPER-2019,
    author = {{AUTO MAPPER}},
    title = {Auto Mapper},
    url = {https://automapper.org/},
    year = {2019},
    urldate = {2019-12-22}
}

@online {OWIN-2019,
    author = {OWIN},
    title = {OWIN},
    url = {http://owin.org/},
    year = {2019},
    urldate = {2019-12-22}
}

@online {OAUTH-2019,
    author = {OAuth},
    title = {OAuth 2.0},
    url = {https://oauth.net/},
    year = {2019},
    urldate = {2019-12-22}
}

@online {MICROSOFT-2019-IDENTITY,
    author = {Microsoft},
    title = {ASP.NET Identity},
    url = {https://docs.microsoft.com/en-us/aspnet/identity/},
    year = {2019},
    urldate = {2019-12-22}
}

@online {POSTGRES-2019,
    author = {Postgres},
    title = {Postgres},
    url = {https://www.postgresql.org/},
    year = {2019},
    urldate = {2019-08-07}
}

@online {SENTRY-2019,
    author = {Sentry},
    title = {Sentry},
    url = {https://sentry.io/},
    year = {2019},
    urldate = {2019-12-22}
}

@article {CYTOSCAPE-2015,
    author = {Franz, Max and Lopes, Christian T. and Huck, Gerardo and Dong, Yue and Sumer, Onur and Bader, Gary D.},
    title = "{Cytoscape.js: a graph theory library for visualisation and analysis}",
    journal = {Bioinformatics},
    volume = {32},
    number = {2},
    pages = {309-311},
    year = {2015},
    month = {09},
    abstract = "{Summary: Cytoscape.js is an open-source JavaScript-based graph library. Its most common use case is as a visualization software component, so it can be used to render interactive graphs in a web browser. It also can be used in a headless manner, useful for graph operations on a server, such as Node.js. Availability and implementation: Cytoscape.js is implemented in JavaScript. Documentation, downloads and source code are available at http://js.cytoscape.org . Contact:gary.bader@utoronto.ca}",
    issn = {1367-4803},
    doi = {10.1093/bioinformatics/btv557},
    url = {https://doi.org/10.1093/bioinformatics/btv557},
    eprint = {http://oup.prod.sis.lan/bioinformatics/article-pdf/32/2/309/6689178/btv557.pdf},
}

@online {ADMIN-LTE-2019,
    author = {Colorlib},
    title = {Admin LTE},
    url = {https://adminlte.io/},
    year = {2019},
    urldate = {2019-12-22}
}

@online {BOOTSTRAP-2019,
    author = {Bootstrap},
    title = {Bootstrap},
    url = {https://getbootstrap.com/},
    year = {2019},
    urldate = {2019-12-22}
}

@online {JQUERY-2019,
    author = {{THE JQUERY FOUNDATION}},
    title = {jQuery},
    url = {https://jquery.com/},
    year = {2019},
    urldate = {2019-12-22}
}

@online {FONT-AWESOME-2019,
    author = {Font-Awesome},
    title = {Font-Awesome},
    url = {https://fontawesome.com/v4.7.0/},
    year = {2019},
    urldate = {2019-12-22}
}

@online {CODEMIRROR-2019,
    author = {CodeMirror},
    title = {CodeMirror},
    url = {https://codemirror.net/},
    year = {2019},
    urldate = {2019-12-22}
}

@online {MICROSOFT-2019-SIGNALR,
    author = {Microsoft},
    title = {Real-time ASP.NET with SignalR},
    url = {https://dotnet.microsoft.com/apps/aspnet/signalr},
    year = {2019},
    urldate = {2019-12-22}
}

@online {SMARTBEAR-2019-SWAGGER,
    author = {SmartBear},
    title = {Swagger},
    url = {https://swagger.io/},
    year = {2019},
    urldate = {2019-12-22}
}

@online {MICROSOFT-2019-VISUAL-STUDIO,
    author = {Microsoft},
    title = {Microsoft Visual Studio},
    url = {https://visualstudio.microsoft.com/},
    year = {2019},
    urldate = {2019-09-10}
}

@online {PGADMIN-2019,
    author = {pgAdmin},
    title = {pgAdmin},
    url = {https://www.pgadmin.org/},
    year = {2019},
    urldate = {2019-09-10}
}

@online {POSTMAN-2019,
    author = {Postman},
    title = {Postman},
    url = {https://www.getpostman.com/},
    year = {2019},
    urldate = {2019-09-10}
}

@online {MICROSOFT-2019-AZURE,
    author = {Microsoft},
    title = {Microsoft Azure Cloud Computing Platform \& Services},
    url = {https://azure.microsoft.com/},
    year = {2019},
    urldate = {2019-09-10}
}

@online {MICROSOFT-2019-DEVOPS,
    author = {Microsoft},
    title = {Microsoft Azure DevOps},
    url = {https://azure.microsoft.com/en-us/services/devops/},
    year = {2019},
    urldate = {2019-12-22}
}

@book {PMI-2017-PMBOK,
    author = {PMI},
    publisher = {Project Management Institute},
    title = {A Guide to the Project Management Body of Knowledge (PMBOK Guide),
    6th Edition.},
    year = 2017
}

@online {GOOGLE-2019-GMAIL,
    author = {Google},
    title = {Gmail},
    url = {https://www.google.com/gmail/},
    year = {2019},
    urldate = {2019-12-22}
}

@online {JSON-2019,
    author = {Json.org},
    title = {JSON},
    url = {https://www.json.org/json-pt.html},
    year = {2019},
    urldate = {2019-12-22}
}

%https://www.ecma-international.org/publications/standards/Ecma-262.htm

%%%%%%%%%%%%%%%%%%%%%%%%%%%%%%%%%%%%%%%%%%%%%%%%%%%%%%%%%%%%%%%%%%%%%%%%%%%%%%%
% Tecnologias N√ÉO utilizadas no desenvolvimento de Grasews
%%%%%%%%%%%%%%%%%%%%%%%%%%%%%%%%%%%%%%%%%%%%%%%%%%%%%%%%%%%%%%%%%%%%%%%%%%%%%%%

@online {ORACLE-2019,
    author = {Oracle},
    title = {Oracle},
    url = {https://www.oracle.com/index.html},
    year = {2019},
    urldate = {2019-08-07}
}

@online {SQLSERVER-2019,
    author = {Microsoft},
    title = {SQL Server},
    url = {https://www.microsoft.com/en-us/sql-server/sql-server-2017},
    year = {2019},
    urldate = {2019-08-07}
}

@online {DAPPER-2019-Site,
    author = {Dapper},
    title = {Dapper ORM},
    url = {https://dapper-tutorial.net/},
    year = {2019},
    urldate = {2019-08-07}
}